@inproceedings{nair2010rectified,
  title={Rectified linear units improve restricted boltzmann machines},
  author={Nair, Vinod and Hinton, Geoffrey E},
  booktitle={Proceedings of the 27th International Conference on Machine Learning (ICML-10)},
  pages={807--814},
  year={2010}
}

@inproceedings{glorot2011deep,
  title={Deep sparse rectifier neural networks},
  author={Glorot, Xavier and Bordes, Antoine and Bengio, Yoshua},
  booktitle={Proceedings of the Fourteenth International Conference on Artificial Intelligence and Statistics},
  pages={315--323},
  year={2011},
  organization={JMLR Workshop and Conference Proceedings}
}

@article{clevert2015fast,
  title={Fast and accurate deep network learning by exponential linear units (elus)},
  author={Clevert, Djork-Arn{\'e} and Unterthiner, Thomas and Hochreiter, Sepp},
  journal={arXiv preprint arXiv:1511.07289},
  year={2015}
}

@article{lecun2015deep,
  title={Deep learning},
  author={LeCun, Yann and Bengio, Yoshua and Hinton, Geoffrey},
  journal={Nature},
  volume={521},
  number={7553},
  pages={436--444},
  year={2015},
  publisher={Nature Publishing Group}
}

@article{deng2012mnist,
  title={The MNIST database of handwritten digit images for machine learning research},
  author={Deng, Li},
  journal={IEEE Signal Processing Magazine},
  volume={29},
  number={6},
  pages={141--142},
  year={2012},
  publisher={IEEE}
}

@techreport{krizhevsky2009learning,
  title={Learning multiple layers of features from tiny images},
  author={Krizhevsky, Alex and Hinton, Geoffrey},
  year={2009},
  institution={University of Toronto}
}

@article{weinberger2009distance,
title={Distance metric learning for large margin nearest neighbor classification},
author={Weinberger, Kilian Q and Saul, Lawrence K},
journal={Journal of Machine Learning Research},
volume={10},
number={Feb},
pages={207--244},
year={2009}
}

@article{domeniconi2002locally,
title={Locally adaptive metric nearest-neighbor classification},
author={Domeniconi, Carlotta and Peng, Jing and Gunopulos, Dimitrios},
journal={IEEE Transactions on Pattern Analysis and Machine Intelligence},
volume={24},
number={9},
pages={1281--1285},
year={2002},
publisher={IEEE}
}

@inproceedings{hastie1996discriminant,
title={Discriminant adaptive nearest neighbor classification},
author={Hastie, Trevor and Tibshirani, Robert},
booktitle={Advances in Neural Information Processing Systems},
pages={409--415},
year={1996}
}

@article{zhang2019rectified,
  title={Rectified Linear Units: On the Importance of the Absolute Value Function},
  author={Zhang, Hongyi and Zhang, Yizhe and Liu, Yang and Luo, Yongyi},
  journal={arXiv preprint arXiv:1910.02834},
  year={2019}
}

@article{nwankpa2018activation,
  title={Activation functions: Comparison of trends in practice and research for deep learning},
  author={Nwankpa, Chigozie and Ijomah, Winifred and Gachagan, Anthony and Marshall, Stephen},
  journal={arXiv preprint arXiv:1811.03378},
  year={2018}
}

@inproceedings{hanin2019universal,
  title={Universal function approximation by deep neural nets with bounded width and relu activations},
  author={Hanin, Boris and Sellke, Mark},
  booktitle={Mathematics of Neural Networks},
  pages={64--79},
  year={2019},
  organization={Springer}
}

@article{zhou2018interpretable,
  title={Interpretable deep learning: Interpretation, interpretability, trustworthiness, and beyond},
  author={Zhou, Bolei and Bau, David and Oliva, Aude and Torralba, Antonio},
  journal={arXiv preprint arXiv:1806.00069},
  year={2018}
}

@article{zhang2018survey,
  title={A survey on learning to hash},
  author={Zhang, Dell and Wang, Jun and Cai, Deng and Lu, Jinhui},
  journal={IEEE transactions on pattern analysis and machine intelligence},
  volume={40},
  number={4},
  pages={769--790},
  year={2018},
  publisher={IEEE}
}

@article{belkin2018understand,
  title={To understand deep learning we need to understand kernel learning},
  author={Belkin, Mikhail and Ma, Siyuan and Mandal, Soumik},
  journal={arXiv preprint arXiv:1802.01396},
  year={2018}
}
